\bibliography{t}
@ARTICLE{2014arXiv1406.2661G,
   author = {{Goodfellow}, I.~J. and {Pouget-Abadie}, J. and {Mirza}, M. and 
	{Xu}, B. and {Warde-Farley}, D. and {Ozair}, S. and {Courville}, A. and 
	{Bengio}, Y.},
    title = "{Generative Adversarial Networks}",
  journal = {ArXiv e-prints},
archivePrefix = "arXiv",
   eprint = {1406.2661},
 primaryClass = "stat.ML",
 keywords = {Statistics - Machine Learning, Computer Science - Learning},
     year = 2014,
    month = jun,
   adsurl = {http://adsabs.harvard.edu/abs/2014arXiv1406.2661G},
  adsnote = {Provided by the SAO/NASA Astrophysics Data System}
}
@ARTICLE{2015arXiv151106434R,
   author = {{Radford}, A. and {Metz}, L. and {Chintala}, S.},
    title = "{Unsupervised Representation Learning with Deep Convolutional Generative Adversarial Networks}",
  journal = {ArXiv e-prints},
archivePrefix = "arXiv",
   eprint = {1511.06434},
 primaryClass = "cs.LG",
 keywords = {Computer Science - Learning, Computer Science - Computer Vision and Pattern Recognition},
     year = 2015,
    month = nov,
   adsurl = {http://adsabs.harvard.edu/abs/2015arXiv151106434R},
  adsnote = {Provided by the SAO/NASA Astrophysics Data System}
}
@ARTICLE{2016arXiv160603657C,
   author = {{Chen}, X. and {Duan}, Y. and {Houthooft}, R. and {Schulman}, J. and 
	{Sutskever}, I. and {Abbeel}, P.},
    title = "{InfoGAN: Interpretable Representation Learning by Information Maximizing Generative Adversarial Nets}",
  journal = {ArXiv e-prints},
archivePrefix = "arXiv",
   eprint = {1606.03657},
 primaryClass = "cs.LG",
 keywords = {Computer Science - Learning, Statistics - Machine Learning},
     year = 2016,
    month = jun,
   adsurl = {http://adsabs.harvard.edu/abs/2016arXiv160603657C},
  adsnote = {Provided by the SAO/NASA Astrophysics Data System}
}
